@inproceedings{John1995,
    address = {San Mateo},
    author = {George H. John and Pat Langley},
    booktitle = {Eleventh Conference on Uncertainty in Artificial Intelligence},
    pages = {338-345},
    publisher = {Morgan Kaufmann},
    title = {Estimating Continuous Distributions in Bayesian Classifiers},
    year = {1995}
 }
 
@inproceedings{d2008more,
  title={More accurate student modeling through contextual estimation of slip and guess probabilities in bayesian knowledge tracing},
  author={Baker, Ryan SJ and Corbett, Albert T and Aleven, Vincent},
  booktitle={International Conference on Intelligent Tutoring Systems},
  pages={406--415},
  year={2008},
  organization={Springer}
} 

@article{williams1989learning,
  title={A learning algorithm for continually running fully recurrent neural networks},
  author={Williams, Ronald J and Zipser, David},
  journal={Neural computation},
  volume={1},
  number={2},
  pages={270--280},
  year={1989},
  publisher={MIT Press}
}

@inproceedings{piech2015deep,
  title={Deep knowledge tracing},
  author={Piech, Chris and Bassen, Jonathan and Huang, Jonathan and Ganguli, Surya and Sahami, Mehran and Guibas, Leonidas J and Sohl-Dickstein, Jascha},
  booktitle={Advances in Neural Information Processing Systems},
  pages={505--513},
  year={2015}
}
 
@inproceedings{pardos2011kt,
  title={KT-IDEM: introducing item difficulty to the knowledge tracing model},
  author={Pardos, Zachary A and Heffernan, Neil T},
  booktitle={International Conference on User Modeling, Adaptation, and Personalization},
  pages={243--254},
  year={2011},
  organization={Springer}
} 
 
@inproceedings{yudelson2013individualized,
  title={Individualized bayesian knowledge tracing models},
  author={Yudelson, Michael V and Koedinger, Kenneth R and Gordon, Geoffrey J},
  booktitle={International Conference on Artificial Intelligence in Education},
  pages={171--180},
  year={2013},
  organization={Springer}
}
 
@article{corbett1994knowledge,
  title={Knowledge tracing: Modeling the acquisition of procedural knowledge},
  author={Corbett, Albert T and Anderson, John R},
  journal={User modeling and user-adapted interaction},
  volume={4},
  number={4},
  pages={253--278},
  year={1994},
  publisher={Springer}
}
 
@article{pavlik2009performance,
  title={Performance Factors Analysis--A New Alternative to Knowledge Tracing.},
  author={Pavlik Jr, Philip I and Cen, Hao and Koedinger, Kenneth R},
  journal={Online Submission},
  year={2009},
  publisher={ERIC}
} 
 
@inproceedings{gong2010comparing,
  title={Comparing knowledge tracing and performance factor analysis by using multiple model fitting procedures},
  author={Gong, Yue and Beck, Joseph E and Heffernan, Neil T},
  booktitle={International conference on intelligent tutoring systems},
  pages={35--44},
  year={2010},
  organization={Springer}
} 
 
@article{chi2011instructional,
  title={Instructional factors analysis: A cognitive model for multiple instructional interventions},
  author={Chi, Min and Koedinger, Kenneth R and Gordon, Geoffrey J and Jordon, Pamela and VanLahn, Kurt},
  year={2011}
}
 
@article{draney1995measurement,
  title={A measurement model for a complex cognitive skill},
  author={Draney, Karen L and Pirolli, Peter and Wilson, Mark},
  journal={Cognitively diagnostic assessment},
  pages={103--125},
  year={1995}
} 
@inproceedings{cen2008comparing,
  title={Comparing two IRT models for conjunctive skills},
  author={Cen, Hao and Koedinger, Kenneth and Junker, Brian},
  booktitle={International Conference on Intelligent Tutoring Systems},
  pages={796--798},
  year={2008},
  organization={Springer}
}
 
@inproceedings{cen2006learning,
  title={Learning factors analysis--a general method for cognitive model evaluation and improvement},
  author={Cen, Hao and Koedinger, Kenneth and Junker, Brian},
  booktitle={International Conference on Intelligent Tutoring Systems},
  pages={164--175},
  year={2006},
  organization={Springer}
} 
 
@inproceedings{desmarais2013matrix,
  title={A matrix factorization method for mapping items to skills and for enhancing expert-based q-matrices},
  author={Desmarais, Michel C and Naceur, Rhouma},
  booktitle={Artificial Intelligence in Education},
  pages={441--450},
  year={2013},
  organization={Springer}
}

@article{Tsoumakas2011random,
     author = {Grigorios Tsoumakas and Ioannis Katakis and Ioannis Vlahavas},
     journal = {IEEE Transactions on Knowledge and Data Engineering},
     number = {7},
     pages = {1079-1089},
     title = {Random k-Labelsets for Multi-Label Classification},
     volume = {23},
     year = {2011}
}

@article{read2011classifier,
  title={Classifier chains for multi-label classification},
  author={Read, Jesse and Pfahringer, Bernhard and Holmes, Geoff and Frank, Eibe},
  journal={Machine learning},
  volume={85},
  number={3},
  pages={333--359},
  year={2011},
  publisher={Springer}
}




@book{Tsoumakas2010MLD,
  title={Data Mining and Knowledge Discovery Handbook},
  author={Grigorios Tsoumakas , Ioannis Katakis, Ioannis Vlahavas},
  pages={667-685},
  year={2010},
  publisher={Springer}
}

@article{liu2012data,
  title={Data-driven learning of Q-matrix},
  author={Liu, Jingchen and Xu, Gongjun and Ying, Zhiliang},
  journal={Applied psychological measurement},
  volume={36},
  number={7},
  pages={548--564},
  year={2012},
  publisher={SAGE Publications}
}

@article{chiu2013nonparametric,
  title={A nonparametric approach to cognitive diagnosis by proximity to ideal response patterns},
  author={Chiu, Chia-Yi and Douglas, Jeff},
  journal={Journal of Classification},
  volume={30},
  number={2},
  pages={225--250},
  year={2013},
  publisher={Springer}
}

@article{chiu2013statistical,
  title={Statistical Refinement of the Q-matrix in Cognitive Diagnosis},
  author={Chiu, Chia-Yi},
  journal={Applied Psychological Measurement},
  volume={37},
  number={8},
  pages={598--618},
  year={2013},
  publisher={SAGE Publications}
}

@article{wang2015consistency,
  title={Consistency of Nonparametric Classification in Cognitive Diagnosis},
  author={Wang, Shiyu and Douglas, Jeff},
  journal={Psychometrika},
  volume={80},
  number={1},
  pages={85--100},
  year={2015},
  publisher={Springer}
}

@article{barnes2010novel,
  title={Novel derivation and application of skill matrices: The q-matrix method},
  author={Barnes, Tiffany},
  journal={Handbook on educational data mining},
  pages={159--172},
  year={2010}
}

@book{templin2010diagnostic,
  title={Diagnostic measurement: Theory, methods, and applications},
  author={Templin, Jonathan and Henson, Robert A and others},
  year={2010},
  publisher={Guilford Press}
}

@article{de2015general,
  title={A General Method of Empirical Q-matrix Validation},
  author={de la Torre, Jimmy and Chiu, Chia-Yi},
  journal={Psychometrika},
  pages={1--21},
  year={2015},
  publisher={Springer}
}

@article{de2008empirically,
  title={An Empirically Based Method of Q-Matrix Validation for the DINA Model: Development and Applications},
  author={De La Torre, Jimmy},
  journal={Journal of educational measurement},
  volume={45},
  number={4},
  pages={343--362},
  year={2008},
  publisher={Wiley Online Library}
}
@article{baker2009state,
  title={The state of educational data mining in 2009: A review and future visions},
  author={Baker, Ryan SJD and Yacef, Kalina},
  journal={JEDM-Journal of Educational Data Mining},
  volume={1},
  number={1},
  pages={3--17},
  year={2009}
}

@article{fayyad1996data,
  title={From data mining to knowledge discovery in databases},
  author={Fayyad, Usama and Piatetsky-Shapiro, Gregory and Smyth, Padhraic},
  journal={AI magazine},
  volume={17},
  number={3},
  pages={37},
  year={1996}
}


@article{templin2006measurement,
  title={Measurement of psychological disorders using cognitive diagnosis models.},
  author={Templin, Jonathan L and Henson, Robert A},
  journal={Psychological methods},
  volume={11},
  number={3},
  pages={287},
  year={2006},
  publisher={American Psychological Association}
}

@article{rupp2007answer,
  title={The answer is in the question: A guide for investigating the theoretical potentials and practical limitations of cognitive psychometric models},
  author={Rupp, AA},
  journal={International Journal of Testing},
  volume={7},
  pages={95--125},
  year={2007}
}

@article{maris1995psychometric,
  title={Psychometric latent response models},
  author={Maris, Eric},
  journal={Psychometrika},
  volume={60},
  number={4},
  pages={523--547},
  year={1995},
  publisher={Springer}
}

@article{haertel1989using,
  title={Using restricted latent class models to map the skill structure of achievement items},
  author={Haertel, Edward H},
  journal={Journal of Educational Measurement},
  pages={301--321},
  year={1989},
  publisher={JSTOR}
}

@article{maris1999estimating,
  title={Estimating multiple classification latent class models},
  author={Maris, Eric},
  journal={Psychometrika},
  volume={64},
  number={2},
  pages={187--212},
  year={1999},
  publisher={Springer}
}

@article{xu2008fitting,
  title={Fitting the structured general diagnostic model to NAEP data},
  author={Xu, Xueli and Davier, Matthias},
  journal={ETS Research Report Series},
  volume={2008},
  number={1},
  pages={i--18},
  year={2008},
  publisher={Wiley Online Library}
}

@article{rupp2007cognitive,
  title={Cognitive foundations of structured item response models},
  author={Rupp, Andr{\'e} A and Mislevy, Robert J},
  journal={Cognitive diagnostic assessment for education: Theories and applications},
  pages={205--240},
  year={2007}
}

@article{koren2009matrix,
  title={Matrix factorization techniques for recommender systems},
  author={Koren, Yehuda and Bell, Robert and Volinsky, Chris},
  journal={Computer},
  number={8},
  pages={30--37},
  year={2009},
  publisher={IEEE}
}

@inproceedings{desmarais2014refinement,
  title={The refinement of a Q-matrix: Assessing methods to validate tasks to skills mapping},
  author={Desmarais, Michel and Beheshti, Behzad and Xu, Peng},
  booktitle={Educational Data Mining 2014},
  year={2014}
}

@article{lee1999learning,
  title={Learning the parts of objects by non-negative matrix factorization},
  author={Lee, Daniel D and Seung, H Sebastian},
  journal={Nature},
  volume={401},
  number={6755},
  pages={788--791},
  year={1999},
  publisher={Nature Publishing Group}
}

@article{desmarais2012mapping,
  title={Mapping question items to skills with non-negative matrix factorization},
  author={Desmarais, Michel C},
  journal={ACM SIGKDD Explorations Newsletter},
  volume={13},
  number={2},
  pages={30--36},
  year={2012},
  publisher={ACM}
}

@inproceedings{desmarais2015combining,
  title={Combining techniques to refine item to skills Q-matrices with a partition tree},
  author={Desmarais, Michel C and Xu, Peng and Beheshti, Behzad},
  booktitle={Educational Data Mining 2015},
  year={2015}
}

@book{galbraith2002analysis,
  title={The analysis and interpretation of multivariate data for social scientists},
  author={Galbraith, JI and Moustaki, Irini and Bartholomew, David J and Steele, Fiona},
  year={2002},
  publisher={CRC Press}
}

@article{madison2015effects,
  title={The Effects of Q-Matrix Design on Classification Accuracy in the Log-Linear Cognitive Diagnosis Model},
  author={Madison, Matthew J and Bradshaw, Laine P},
  journal={Educational and Psychological Measurement},
  volume={75},
  number={3},
  pages={491--511},
  year={2015},
  publisher={SAGE Publications}
}

@article{rupp2008effects,
  title={The effects of Q-matrix misspecification on parameter estimates and classification accuracy in the DINA model},
  author={Rupp, Andr{\'e} A and Templin, Jonathan},
  journal={Educational and Psychological Measurement},
  volume={68},
  number={1},
  pages={78--96},
  year={2008},
  publisher={Sage Publications}
}

@article{tatsuoka1983rule,
  title={Rule space: An approach for dealing with misconceptions based on item response theory},
  author={Tatsuoka, Kikumi K},
  journal={Journal of educational measurement},
  volume={20},
  number={4},
  pages={345--354},
  year={1983},
  publisher={Wiley Online Library}
}

@inproceedings{sun2014alternating,
  title={Alternating Recursive Method for Q-matrix Learning},
  author={Sun, Yuan and Ye, Shiwei and Inoue, Shunya and Sun, Yi},
  booktitle={Educational Data Mining 2014},
  year={2014}
}

@inproceedings{mohamed2011discovering,
  title={Discovering relations between noun categories},
  author={Mohamed, Thahir P and Hruschka Jr, Estevam R and Mitchell, Tom M},
  booktitle={Proceedings of the Conference on Empirical Methods in Natural Language Processing},
  pages={1447--1455},
  year={2011},
  organization={Association for Computational Linguistics}
}

@inproceedings{lee2001algorithms,
  title={Algorithms for non-negative matrix factorization},
  author={Lee, Daniel D and Seung, H Sebastian},
  booktitle={Advances in neural information processing systems},
  pages={556--562},
  year={2001}
}

@article{miettinen2008discrete,
  title={The discrete basis problem},
  author={Miettinen, Pauli and Mielikainen, Taneli and Gionis, Aristides and Das, Gautam and Mannila, Heikki},
  journal={Knowledge and Data Engineering, IEEE Transactions on},
  volume={20},
  number={10},
  pages={1348--1362},
  year={2008},
  publisher={IEEE}
}

@article{nau1978mathematical,
  title={A mathematical analysis of human leukocyte antigen serology},
  author={Nau, Dana S and Markowsky, George and Woodbury, Max A and Amos, D Bernard},
  journal={Mathematical Biosciences},
  volume={40},
  number={3},
  pages={243--270},
  year={1978},
  publisher={Elsevier}
}

@article{miettinen2008positive,
  title={On the positive--negative partial set cover problem},
  author={Miettinen, Pauli},
  journal={Information Processing Letters},
  volume={108},
  number={4},
  pages={219--221},
  year={2008},
  publisher={Elsevier}
}

@article{freund1997decision,
  title={A decision-theoretic generalization of on-line learning and an application to boosting},
  author={Freund, Yoav and Schapire, Robert E},
  journal={Journal of computer and system sciences},
  volume={55},
  number={1},
  pages={119--139},
  year={1997},
  publisher={Elsevier}
}

@article{templin2013obtaining,
  title={Obtaining diagnostic classification model estimates using Mplus},
  author={Templin, Jonathan and Hoffman, Lesa},
  journal={Educational Measurement: Issues and Practice},
  volume={32},
  number={2},
  pages={37--50},
  year={2013},
  publisher={Wiley Online Library}
}

@article{de2009dina,
  title={DINA model and parameter estimation: A didactic},
  author={De La Torre, Jimmy},
  journal={Journal of Educational and Behavioral Statistics},
  volume={34},
  number={1},
  pages={115--130},
  year={2009},
  publisher={SAGE Publications}
}

@article{henson2009defining,
  title={Defining a family of cognitive diagnosis models using log-linear models with latent variables},
  author={Henson, Robert A and Templin, Jonathan L and Willse, John T},
  journal={Psychometrika},
  volume={74},
  number={2},
  pages={191--210},
  year={2009},
  publisher={Springer}
}



@Manual{CDM,
  title = {CDM: Cognitive Diagnosis Modeling},
  author = {Alexander Robitzsch and Thomas Kiefer and Ann Cathrice George and Ali Uenlue},
  year = {2015},
  note = {R package version 4.5-0},
  url = {http://CRAN.R-project.org/package=CDM}
 }

@inproceedings{geerts2004tiling,
  title={Tiling databases},
  author={Geerts, Floris and Goethals, Bart and Mielik{\"a}inen, Taneli},
  booktitle={Discovery science},
  pages={278--289},
  year={2004},
  organization={Springer}
}

@article{beasley2012isolation,
  title={Isolation number versus Boolean rank},
  author={Beasley, LeRoy B},
  journal={Linear Algebra and its Applications},
  volume={436},
  number={9},
  pages={3469--3474},
  year={2012},
  publisher={Elsevier}
}
@article{de2011generalized,
  title={The generalized DINA model framework},
  author={De La Torre, Jimmy},
  journal={Psychometrika},
  volume={76},
  number={2},
  pages={179--199},
  year={2011},
  publisher={Springer}
}
